<?xml version="1.0" encoding="UTF-8"?><collection xmlns="http://www.loc.gov/MARC21/slim"><record><leader>00357nam--2200121-i-4500</leader><controlfield tag="001">000042451</controlfield><controlfield tag="002">20161230</controlfield><controlfield tag="005">20161230201043</controlfield><controlfield tag="008">060222s1000------------r-----000-0-eng-d</controlfield><datafield ind1=" " ind2=" " tag="100"><subfield code="a">Speiser,A.P</subfield></datafield><datafield ind1=" " ind2=" " tag="245"><subfield code="a">Digitale rechenanlagen. grundlagen/shaltunstechnik/arbeitsweise betriebssicherheit</subfield></datafield><datafield ind1=" " ind2=" " tag="260"><subfield code="a">Berlin, Springer Verlag, 1961. Xvi + 432 P</subfield></datafield><datafield ind1=" " ind2=" " tag="852"><subfield code="a">17247</subfield></datafield></record></collection>